% Introducción
@misc{OIT,
    author    = "Organización Internacional del Trabajo",
    title     = "Estudio: Factores para la inclusión laboral de las personas con discapacidad",
    year      = "2013",
}
% Realidad Aumentada
@Article{Azuma,
author={Azuma, Ronald. T.},
title={A survey of augmented reality},
journal={Presence: Teleoperators and Virtual Environments},
year={1997},
volume={6},
number={4},
pages={355-385},
}

@InProceedings{kato, 
author={Kato, H. and Billinghurst, M.}, 
booktitle={Augmented Reality, 1999. (IWAR '99) Proceedings. 2nd IEEE and ACM International Workshop on}, 
title={Marker tracking and HMD calibration for a video-based augmented reality conferencing system}, 
year={1999}, 
month={}, 
pages={85-94}, 
}

@InProceedings{Ehnes,
 author = {Ehnes, J. and Hirota, K. and Hirose, M.},
 title = {Projected Augmentation - Augmented Reality Using Rotatable Video Projectors},
 booktitle = {Proceedings of the 3rd IEEE/ACM International Symposium on Mixed and Augmented Reality},
 series = {ISMAR '04},
 year = {2004},
 isbn = {0-7695-2191-6},
 pages = {26--35},
 numpages = {10},
 publisher = {IEEE Computer Society},
 address = {Washington, DC, USA},
}

@InProceedings{Pinhanez,
 author = {Pinhanez, Claudio S.},
 title = {The Everywhere Displays Projector: A Device to Create Ubiquitous Graphical Interfaces},
 booktitle = {Proceedings of the 3rd International Conference on Ubiquitous Computing},
 series = {UbiComp '01},
 year = {2001},
 isbn = {3-540-42614-0},
 location = {Atlanta, Georgia, USA},
 pages = {315--331},
 numpages = {17},
 publisher = {Springer-Verlag},
 address = {London, UK, UK},
}

% Técnicas de Visión por Computador
@InProceedings{Hsieh,
 author = {Hsieh, Jun-Wei and Yu, Shih-Hao and Chen, Yung-Sheng},
 title = {Morphology-Based License Plate Detection from Complex Scenes},
 booktitle = {Proceedings of the 16 th International Conference on Pattern Recognition (ICPR'02) Volume 3 - Volume 3},
 series = {ICPR '02},
 year = {2002},
 isbn = {0-7695-1695-X},
 pages = {30176--},
 publisher = {IEEE Computer Society},
 address = {Washington, DC, USA},
}

@InProceedings{Jung,
 author = {Jung, Keechul and Kim, Kwang In and Kurata, Takeshi and Kourogi, Masakastu and Han, JungHyun},
 title = {Text Scanner with Text Detection Technology on Image Sequences},
 booktitle = {Proceedings of the 16 th International Conference on Pattern Recognition (ICPR'02) Volume 3 - Volume 3},
 series = {ICPR '02},
 year = {2002},
 isbn = {0-7695-1695-X},
 pages = {30473--},
 publisher = {IEEE Computer Society},
 address = {Washington, DC, USA},
}

@InProceedings{Kanungo,
  author    = {Tapas Kanungo and Robert M. Haralick and Ihsin T. Phillips},
  title     = {Global and local document degradation models},
  booktitle = {ICDAR},
  year      = {1993},
  pages     = {730-734},
}

@InProceedings{Klein,
 author = {Klein, Georg and Murray, David},
 title = {Parallel Tracking and Mapping on a Camera Phone},
 booktitle = {Proceedings of the 2009 8th IEEE International Symposium on Mixed and Augmented Reality},
 series = {ISMAR '09},
 year = {2009},
 isbn = {978-1-4244-5390-0},
 pages = {83--86},
 numpages = {4},
 publisher = {IEEE Computer Society},
 address = {Washington, DC, USA},
}

% Geometria de la imagen
@Book{Hartley,
 author = {Hartley, Richard and Zisserman, Andrew},
 title = {Multiple View Geometry in Computer Vision},
 year = {2003},
 isbn = {0521540518},
 edition = {2},
 publisher = {Cambridge University Press},
 address = {New York, NY, USA},
}

@InProceedings{Tsai,
 author = {Tsai, Roger Y.},
 title = {An Efficient and Accurate Camera Calibration Technique for 3D Machine Vision},
 booktitle = {Proceedings of IEEE Conference on Computer Vision and Pattern Recognition, Miami Beach, FL},
 year = {1986},
 pages = {364-374},
 numpages = {10},
 address = {http://www-cgi.cs.cmu.edu/afs/cs.cmu.edu/user/rgw/www/TsaiCode.html},
}

@Article{Adelson,
  author = {Adelson, E. and Anderson, C. and Bergen, J.},
  title =  {Pyramid methods in image processing},
  journal = {RCA engineer},
  year = {1984},
  volume = {29},
  number = {6},
  pages = {33-41},
}

@InProceedings{Zhang99,
 author = {Zhang, Zhengyou},
 title = {Flexible camera calibration by viewing a plane from unknown orientations},
 booktitle = {Proceedings of the Seventh IEEE International Conference on Pattern Analysis and Machine Intelligence},
 year = {1999},
 isbn = {0-7695-0164-8},
 volume = {1},
 pages = {666-673},
 publisher = {IEEE},
}

% Realidad Aumentada
@Article{kishino1994taxonomy,
  Title                    = {A taxonomy of mixed reality visual displays.},
  Author                   = {Kishino, F. and Milgram, P.},
  Journal                  = {IEICE Transactions on Information and Systems.},
  Year                     = {1994},
  Number                   = {12},
  Pages                    = {1321--1329},
  Volume                   = {1},

  Publisher                = {The Institute of Electronics, Information and Communication Engineers.}
}

@InProceedings{henderson2009evaluating,
  Title                    = {Evaluating the benefits of augmented reality for task localization in maintenance of an armored personnel carrier turre.t},
  Author                   = {Henderson, S.J. and Feiner, S.},
  Booktitle                = {Mixed and Augmented Reality, 2009. ISMAR 2009. 8th IEEE International Symposium.},
  Year                     = {2009},
  Pages                    = {135--144}
}

@Misc{neumann2009modeling,
  Title                    = {Modeling and video projection for augmented virtual environments.},

  Author                   = {Neumann, U. and You, S. et al.},
  Year                     = {2009},

  Publisher                = {Google Patents.}
}
@Article{regenbrecht2004using,
  Title                    = {Using augmented virtuality for remote collaboration.},
  Author                   = {Regenbrecht, H. and Lum, T. and Kohler, P. and Ott, C. and Wagner, M. and Wilke, W. and Mueller, E.},
  Journal                  = {Presence: Teleoperators \& Virtual Environments.},
  Year                     = {2004},
  Number                   = {3},
  Pages                    = {338--354},
  Volume                   = {13},

  Publisher                = {MIT Press.}
}

@InProceedings{regenbrecht2003augmented,
  Title                    = {An augmented virtuality approach to 3D videoconferencing},
  Author                   = {Regenbrecht, H. and Ott, C. and Wagner, M. and Lum, T. and Kohler, P. and Wilke, W. and Mueller, E.},
  Booktitle                = {Mixed and Augmented Reality, 2003. Proceedings. The Second IEEE and ACM International Symposium.},
  Year                     = {2003},
  Pages                    = {290--291}
}
@Article{steuer1992defining,
  Title                    = {Defining virtual reality: Dimensions determining telepresence.},
  Author                   = {Steuer, J.},
  Journal                  = {Journal of communication.},
  Year                     = {1992},
  Number                   = {4},
  Pages                    = {73--93},
  Volume                   = {42},

  Publisher                = {Wiley Online Library.}
}
@InProceedings{cruz1993surround,
  Title                    = {Surround-screen projection-based virtual reality: the design and implementation of the CAVE.},
  Author                   = {Cruz-Neira, C. and Sandin, D.J. and DeFanti, T.A.},
  Booktitle                = {Proceedings of the 20th annual conference on Computer graphics and interactive techniques.},
  Year                     = {1993},
  Organization             = {ACM.},
  Pages                    = {135--142}
}

% Detección
@InProceedings{Stricker,
 author = {Stricker, Didier and Klinker, Gundrun and Reiners, Dirk},
 title = {A Fast and Robust Line-based Optical Tracker for Augmented Reality Applications},
 booktitle = {Proceedings of the International Workshop on Augmented Reality : Placing Artificial Objects in Real Scenes: Placing Artificial Objects in Real Scenes},
 series = {IWAR '98},
 year = {1999},
 isbn = {1-56881-098-9},
 location = {Bellevue, Washington, USA},
 pages = {129--145},
 numpages = {17},
 publisher = {A. K. Peters, Ltd.},
 address = {Natick, MA, USA},
}

@InProceedings{Park2,
 author = {Park, Jun and Jiang, Bolan and Neumann, Ulrich},
 title = {Vision-Based Pose Computation: Robust and Accurate Augmented Reality Tracking},
 booktitle = {Proceedings of the 2Nd IEEE and ACM International Workshop on Augmented Reality},
 series = {IWAR '99},
 year = {1999},
 isbn = {0-7695-0359-4},
 pages = {3--},
 publisher = {IEEE Computer Society},
 address = {Washington, DC, USA},
 keywords = {Pose computation, Augmented Reality, Tracking, Calibration, Kalman filter, Robust statistics},
}

@InProceedings{Zhang,
 author = {Zhang, Xiang and Fronz, Stephan and Navab, Nassir},
 title = {Visual Marker Detection and Decoding in AR Systems: A Comparative Study},
 booktitle = {Proceedings of the 1st International Symposium on Mixed and Augmented Reality},
 series = {ISMAR '02},
 year = {2002},
 isbn = {0-7695-1781-1},
 pages = {97--},
 acmid = {854955},
 publisher = {IEEE Computer Society},
 address = {Washington, DC, USA},
}

@InProceedings{Harris,
  author = {Harris, Chris. and Stephens, Mike.},
  title = {A Combined Corner and Edge Detector},
  booktitle = {Proceedings of the 4th Alvey Vision Conference},
  pages = {147--151},
  year = {1988},
}

@InProceedings{Rosten,
 author = {Rosten, Edward and Drummond, Tom},
 title = {Fusing Points and Lines for High Performance Tracking},
 booktitle = {Proceedings of the Tenth IEEE International Conference on Computer Vision - Volume 2},
 series = {ICCV '05},
 year = {2005},
 isbn = {0-7695-2334-X-02},
 pages = {1508--1515},
 numpages = {8},
 publisher = {IEEE Computer Society},
 address = {Washington, DC, USA},
}

@Article{Lowe,
  author = {Lowe, D.},
  title = {Distinctive image features from scale-invariant key-points},  
  journal = {Intl. Journal of Computer Vision},
  pages = {91--110},
  volume = {60},
  year = {2004},
}

@InProceedings{Ambai,
 author = {Ambai, Mitsuru and Yoshida, Yuichi},
 title = {CARD: Compact And Real-time Descriptors},
 booktitle = {Proceedings of the 2011 International Conference on Computer Vision},
 series = {ICCV '11},
 year = {2011},
 isbn = {978-1-4577-1101-5},
 pages = {97--104},
 numpages = {8},
 publisher = {IEEE Computer Society},
 address = {Washington, DC, USA},
}

@Article{Bay,
 author = {Bay, H. and Ess, A. and Tuytelaars, T.},
 title = {Speeded-Up Robust FeatureS},
 journal = {Computer Vision and Image Understanding},
 volume = {110},
 number = {3},
 month = jun,
 year = {2008},
 issn = {1077-3142},
 pages = {346--359},
 numpages = {14},
 publisher = {Elsevier Science Inc.},
 address = {New York, NY, USA},
}
 
@InProceedings{Wagner,
 author = {Wagner, Daniel and Reitmayr, Gerhard and Mulloni, Alessandro and Drummond, Tom and Schmalstieg, Dieter},
 title = {Pose Tracking from Natural Features on Mobile Phones},
 booktitle = {Proceedings of the 7th IEEE/ACM International Symposium on Mixed and Augmented Reality},
 series = {ISMAR '08},
 year = {2008},
 isbn = {978-1-4244-2840-3},
 pages = {125--134},
 numpages = {10},
 publisher = {IEEE Computer Society},
 address = {Washington, DC, USA},
}

@InProceedings{Calonder,
 author = {Calonder, Michael and Lepetit, Vincent and Strecha, Christoph and Fua, Pascal},
 title = {BRIEF: Binary Robust Independent Elementary Features},
 booktitle = {Proceedings of the 11th European Conference on Computer Vision: Part IV},
 series = {ECCV'10},
 year = {2010},
 isbn = {3-642-15560-X, 978-3-642-15560-4},
 location = {Heraklion, Crete, Greece},
 pages = {778--792},
 numpages = {15},
 publisher = {Springer-Verlag},
 address = {Berlin, Heidelberg},
}

@InProceedings{Leutenegger,
 author = {Leutenegger, Stefan and Chli, Margarita and Siegwart, Roland Y.},
 title = {BRISK: Binary Robust Invariant Scalable Keypoints},
 booktitle = {Proceedings of the 2011 International Conference on Computer Vision},
 series = {ICCV '11},
 year = {2011},
 isbn = {978-1-4577-1101-5},
 pages = {2548--2555},
 numpages = {8},
 publisher = {IEEE Computer Society},
 address = {Washington, DC, USA},
}

@InProceedings{Rublee,
 author = {Rublee, Ethan and Rabaud, Vincent and Konolige, Kurt and Bradski, Gary},
 title = {ORB: An Efficient Alternative to SIFT or SURF},
 booktitle = {Proceedings of the 2011 International Conference on Computer Vision},
 series = {ICCV '11},
 year = {2011},
 isbn = {978-1-4577-1101-5},
 pages = {2564--2571},
 numpages = {8},
 publisher = {IEEE Computer Society},
 address = {Washington, DC, USA},
}

@Article{Arya,
 author = {Arya, Sunil and Mount, David M. and Netanyahu, Nathan S. and Silverman, Ruth and Wu, Angela Y.},
 title = {An Optimal Algorithm for Approximate Nearest Neighbor Searching Fixed Dimensions},
 journal = {J. ACM},
 issue_date = {Nov. 1998},
 volume = {45},
 number = {6},
 month = nov,
 year = {1998},
 issn = {0004-5411},
 pages = {891--923},
 numpages = {33},
 publisher = {ACM},
 address = {New York, NY, USA},
}

@InProceedings{Muja,
  author = {Muja, Marius and Lowe, David G.},
  title = {Fast Approximate Nearest Neighbors with Automatic Algorithm Configuration.},
  booktitle = {VISAPP (1)},
  editor = {Ranchordas, Alpesh and Araújo, Helder},
  isbn = {978-989-8111-69-2},
  pages = {331-340},
  publisher = {INSTICC Press},
  year = {2009},
}

@InProceedings{Datar,
 author = {Datar, Mayur and Immorlica, Nicole and Indyk, Piotr and Mirrokni, Vahab S.},
 title = {Locality-sensitive Hashing Scheme Based on P-stable Distributions},
 booktitle = {Proceedings of the Twentieth Annual Symposium on Computational Geometry},
 series = {SCG '04},
 year = {2004},
 isbn = {1-58113-885-7},
 location = {Brooklyn, New York, USA},
 pages = {253--262},
 numpages = {10},
 publisher = {ACM},
 address = {New York, NY, USA},
}

@Article{Lepetit,
 author = {Lepetit, Vincent and Fua, Pascal},
 title = {Keypoint Recognition Using Randomized Trees},
 journal = {IEEE Trans. Pattern Anal. Mach. Intell.},
 volume = {28},
 number = {9},
 month = sep,
 year = {2006},
 issn = {0162-8828},
 pages = {1465--1479},
 numpages = {15},
 publisher = {IEEE Computer Society},
 address = {Washington, DC, USA},
}


@Article{Ozuysal,
 author = {Ozuysal, M. and Calonder, M. and Lepetit, V. and Fua, P.},
 title = {Fast Keypoint Recognition Using Random Ferns},    
 booktitle = {Pattern Analysis and Machine Intelligence, IEEE Transactions on},
 issn = {0162-8828},
 journal = {IEEE Transactions on Pattern Analysis and Machine Intelligence},
 number = {3},
 pages = {448--461},
 publisher = {IEEE},
 volume = {32},
 year = {2010},
}

@InProceedings{ShiTomasi,
  author    = {Jianbo Shi and Carlo Tomasi},
  title     = {Good features to track},
  booktitle = {Proceedings of IEEE Conference on Computer Vision and Pattern Recognition},
  year      = {1994},
  pages     = {593-600},
  publisher = {IEEE},
  volume    = {94},
}

@Article{Canny,
  author = {Canny, J.},
  title = {A Computational Approach To Edge Detection},
  journal = {IEEE Transactions on Pattern Analysis and Machine Intelligence},
  year = {1986},
  volume = {8},
  number = {6},
  pages = {679-698},
}

@Article{Hagbi,
 author = {Hagbi, Nate and Bergig, Oriel and El-Sana, Jihad and Billinghurst, Mark},
 title = {Shape Recognition and Pose Estimation for Mobile Augmented Reality},
 journal = {IEEE Transactions on Visualization and Computer Graphics},
 volume = {17},
 number = {10},
 year = {2011},
 issn = {1077-2626},
 pages = {1369--1379},
 numpages = {11},
 publisher = {IEEE Educational Activities Department},
}

@InProceedings{Donoser,
 author = {Donoser, Michael and Kontschieder, Peter and Bischof, Horst},
 title = {Robust Planar Target Tracking and Pose Estimation from a Single Concavity},
 booktitle = {Proceedings of the 2011 10th IEEE International Symposium on Mixed and Augmented Reality},
 series = {ISMAR '11},
 year = {2011},
 isbn = {978-1-4577-2183-0},
 pages = {9--15},
 numpages = {7},
 publisher = {IEEE Computer Society},
}

\bibitem{Matas} J. Matas, O. Chum, M. Urban, and T. Pajdla. Robust wide baseline stereo from maximally stable extremal regions. In Proc. of British Machine Vision Conference, pages 384–396, 2002.
@InProceedings{Matas,
  author = {Matas, Jiri and Chum, Ondrej and Urban, Martin and Pajdla, Tomás},
  title = {Robust Wide Baseline Stereo from Maximally Stable Extremal Regions},   
  booktitle = {BMVC},
  editor = {Rosin, Paul L. and Marshall, A. David},
  isbn = {1-901725-19-7},
  publisher = {British Machine Vision Association},
  year = {2002},
}

% Tracking

@InProceedings{Park,
 author = {Park, Youngmin and Lepetit, Vincent and Woo, Woontack},
 title = {ESM-Blur: Handling \& Rendering Blur in 3D Tracking and Augmentation},
 booktitle = {Proceedings of the 2009 8th IEEE International Symposium on Mixed and Augmented Reality},
 series = {ISMAR '09},
 year = {2009},
 isbn = {978-1-4244-5390-0},
 pages = {163--166},
 numpages = {4},
 publisher = {IEEE Computer Society},
 address = {Washington, DC, USA},
}


@inproceedings{Dame,
  author = {Dame, Amaury and Marchand, Éric},
  booktitle = {ISMAR},
  pages = {47-56},
  publisher = {IEEE},
  title = {Accurate real-time tracking using mutual information.},
  year = {2010},
}

@InProceedings{Park3,
 author = {Park, Jun and You, Suya and Neumann, Ulrich},
 title = {Natural Feature Tracking for Extendible Robust Augmented Realities},
 booktitle = {Proceedings of the International Workshop on Augmented Reality : Placing Artificial Objects in Real Scenes: Placing Artificial Objects in Real Scenes},
 series = {IWAR '98},
 year = {1999},
 isbn = {1-56881-098-9},
 location = {Bellevue, Washington, USA},
 pages = {209--217},
 numpages = {9},
 publisher = {A. K. Peters, Ltd.},
 address = {Natick, MA, USA},
}

@Article{Horn,
  author = {Horn, Berthold K. P. and Schunck, Brian G.},
  title = {Determining Optical Flow},
  journal = {Artificial Intelligence},
  number = {1-3},
  pages = {185-203},
  url = {http://dblp.uni-trier.de/db/journals/ai/ai17.html#HornS81},
  volume = {17},
  year = {1981},
}

@InProceedings{LKanade,
 author = {Lucas, Bruce D. and Kanade, Takeo},
 title = {An Iterative Image Registration Technique with an Application to Stereo Vision},
 booktitle = {Proceedings of the 7th International Joint Conference on Artificial Intelligence - Volume 2},
 series = {IJCAI'81},
 year = {1981},
 location = {Vancouver, BC, Canada},
 pages = {674--679},
 numpages = {6},
 publisher = {Morgan Kaufmann Publishers Inc.},
 address = {San Francisco, CA, USA},
}

@Misc{Bouguet,
  author = {Bouguet, Jean-Yves},
  publisher = {Intel Corporation Microprocessor Research Labs},
  title = {Pyramidal Implementation of the Lucas Kanade Feature Tracker Description of the algorithm},
  url = {http://robots.stanford.edu/cs223b04/algo_tracking.pdf},
  year = {2000},
}

@InProceedings{Comport,
 author = {Comport, Andrew I. and Marchand, \'{E}ric and Chaumette, Fran\c{c}ois},
 title = {A Real-time Tracker for Markerless Augmented Reality},
 booktitle = {Proceedings of the 2Nd IEEE/ACM International Symposium on Mixed and Augmented Reality},
 series = {ISMAR '03},
 year = {2003},
 isbn = {0-7695-2006-5},
 pages = {36--},
 publisher = {IEEE Computer Society},
 address = {Washington, DC, USA},
}

% Reconocimiento y análisis de documentos
@InProceedings{Chen, 
author = {Wan-Yu Chen and Jia-Lin Chen and Yu-Chi Su and Liang-Gee Chen}, 
booktitle = {IEEE International Conference on Consumer Electronics (ICCE)}, 
title = {Intelligent document capturing and blending system based on robust feature matching with an active camera}, 
year = {2013}, 
month = {Enero}, 
pages = {131-132}, 
issn = {2158-3994},
}

@InProceedings{Pilet,
 author = {Pilet, Julien and Saito, Hideo},
 title = {Virtually Augmenting Hundreds of Real Pictures: An Approach Based on Learning, Retrieval, and Tracking},
 booktitle = {Proceedings of the 2010 IEEE Virtual Reality Conference},
 series = {VR '10},
 year = {2010},
 isbn = {978-1-4244-6237-7},
 pages = {71--78},
 numpages = {8},
 publisher = {IEEE Computer Society},
 address = {Washington, DC, USA},
}

@InProceedings{Graham,
 author = {Graham, Jamey and Erol, Berna and Hull, Jonathan J. and Lee, Dar-Shyang},
 title = {The Video Paper Multimedia Playback System},
 booktitle = {Proceedings of the Eleventh ACM International Conference on Multimedia},
 series = {MULTIMEDIA '03},
 year = {2003},
 isbn = {1-58113-722-2},
 location = {Berkeley, CA, USA},
 pages = {94--95},
 numpages = {2},
 publisher = {ACM},
 address = {New York, NY, USA},
}

@Article{Hecht,
 author = {Hecht, David L.},
 title = {Printed Embedded Data Graphical User Interfaces},
 journal = {Computer},
 issue_date = {March 2001},
 volume = {34},
 number = {3},
 month = mar,
 year = {2001},
 issn = {0018-9162},
 pages = {47--55},
 numpages = {9},
 publisher = {IEEE Computer Society Press},
 address = {Los Alamitos, CA, USA},
}

@Article{Peng,
 author = {Peng, Hanchuan and Long, Fuhui and Chi, Zheru},
 title = {Document Image Recognition Based on Template Matching of Component Block Projections},
 journal = {IEEE Trans. Pattern Anal. Mach. Intell.},
 issue_date = {September 2003},
 volume = {25},
 number = {9},
 month = {Sept},
 year = {2003},
 issn = {0162-8828},
 pages = {1188--1192},
 numpages = {5},
 publisher = {IEEE Computer Society},
 address = {Washington, DC, USA},
}

@Article{Yang,
 author = {Gehua Yang and Charles V. Stewart and Michal Sofka and Chia-ling Tsai},
 title = {Alignment of challenging image pairs: Refinement and region growing Starting From Single Keypoint Correspondence},
 journal = {IEEE TRANS. PATTERN ANAL. MACHINE INTELL},
 number = {23},
 pages = {1973--1989},
 year = {2007},
 volume = {11},
}

@Article{Psyllos,
 author = {Psyllos, Apostolos P. and Anagnostopoulos, Christos-Nikolaos E. and Kayafas, Eleftherios},
 title = {Vehicle Logo Recognition Using a SIFT-based Enhanced Matching Scheme},
 journal = {Trans. Intell. Transport. Sys.},
 issue_date = {June 2010},
 volume = {11},
 number = {2},
 month = jun,
 year = {2010},
 issn = {1524-9050},
 pages = {322--328},
 numpages = {7},
 publisher = {IEEE Press},
 address = {Piscataway, NJ, USA},
}

@Article{Brown,
 author = {Brown, Matthew and Lowe, David G.},
 title = {Automatic Panoramic Image Stitching Using Invariant Features},
 journal = {Int. J. Comput. Vision},
 issue_date = {August    2007},
 volume = {74},
 number = {1},
 month = aug,
 year = {2007},
 issn = {0920-5691},
 pages = {59--73},
 numpages = {15},
 publisher = {Kluwer Academic Publishers},
 address = {Hingham, MA, USA},
}

@InProceedings{Uchiyama,
 author = {Uchiyama, Hideaki and Marchand, Eric},
 title = {Toward Augmenting Everything: Detecting and Tracking Geometrical Features on Planar Objects},
 booktitle = {Proceedings of the 2011 10th IEEE International Symposium on Mixed and Augmented Reality},
 series = {ISMAR '11},
 year = {2011},
 isbn = {978-1-4577-2183-0},
 pages = {17--25},
 numpages = {9},
 publisher = {IEEE Computer Society},
 address = {Washington, DC, USA},
}

@InProceedings{Augereau,
  author    = {Olivier Augereau and icholas Journet and Jean-Philippe Domenger},
  title     = {Semi-structured document image matching and recognition},
  booktitle = {Proceedings 20th Document Recognition and Retrieval Conference, part of the IS{\&}T-SPIE Electronic Imaging Symposium},
  year      = {2013},
}

@InProceedings{LiuLiao,
 author = {Liu, Qiong and Liao, Chunyuan},
 title = {PaperUI},
 booktitle = {Proceedings of the 4th International Conference on Camera-Based Document Analysis and Recognition},
 series = {CBDAR'11},
 year = {2012},
 isbn = {978-3-642-29363-4},
 location = {Beijing, China},
 pages = {83--100},
 numpages = {18},
 publisher = {Springer-Verlag},
 address = {Berlin, Heidelberg},
}


@Article{Liu,
 author = {Liu, Xu and Doermann, David},
 title = {Mobile Retriever: Access to Digital Documents from Their Physical Source},
 journal = {Int. J. Doc. Anal. Recognit.},
 issue_date = {September 2008},
 volume = {11},
 number = {1},
 month = sep,
 year = {2008},
 issn = {1433-2833},
 pages = {19--27},
 numpages = {9},
 publisher = {Springer-Verlag},
 address = {Berlin, Heidelberg},
 keywords = {Camera phone, Document retrieval, View point invariant features},
}

@InProceedings{Erol,
 author = {Erol, Berna and Ant\'{u}nez, Emilio and Hull, Jonathan J.},
 title = {HOTPAPER: Multimedia Interaction with Paper Using Mobile Phones},
 booktitle = {Proceedings of the 16th ACM International Conference on Multimedia},
 series = {MM '08},
 year = {2008},
 isbn = {978-1-60558-303-7},
 location = {Vancouver, British Columbia, Canada},
 pages = {399--408},
 numpages = {10},
 publisher = {ACM},
 address = {New York, NY, USA},
}

@Article{Moraleda,
 author = {Moraleda, Jorge},
 title = {Large Scalability in Document Image Matching Using Text Retrieval},
 journal = {Pattern Recogn. Lett.},
 issue_date = {May, 2012},
 volume = {33},
 number = {7},
 month = may,
 year = {2012},
 issn = {0167-8655},
 pages = {863--871},
 numpages = {9},
 publisher = {Elsevier Science Inc.},
 address = {New York, NY, USA},
 keywords = {Document image matching, Image based document retrieval, Image matching},
}

@InProceedings{Nakai,
 author = {Nakai, Tomohiro and Kise, Koichi and Iwamura, Masakazu},
 title = {Real-Time Retrieval for Images of Documents in Various Languages Using a Web Camera},
 booktitle = {Proceedings of the 2009 10th International Conference on Document Analysis and Recognition},
 series = {ICDAR '09},
 year = {2009},
 isbn = {978-0-7695-3725-2},
 pages = {146--150},
 numpages = {5},
 publisher = {IEEE Computer Society},
 address = {Washington, DC, USA},
}

@InProceedings{Uchiyama2,
 author = {Uchiyama, Hideaki and Saito, Hideo},
 title = {Augmenting Text Document by On-line Learning of Local Arrangement of Keypoints},
 booktitle = {Proceedings of the 2009 8th IEEE International Symposium on Mixed and Augmented Reality},
 series = {ISMAR '09},
 year = {2009},
 isbn = {978-1-4244-5390-0},
 pages = {95--98},
 numpages = {4},
 publisher = {IEEE Computer Society},
 address = {Washington, DC, USA},
}

@InProceedings{Iwata,
 author = {Iwata, Kazumasa and Kise, Koichi and Nakai, Tomohiro and Iwamura, Masakazu and Uchida, Seiichi and Omachi, Shinichiro},
 title = {Capturing Digital Ink As Retrieving Fragments of Document Images},
 booktitle = {Proceedings of the 2009 10th International Conference on Document Analysis and Recognition},
 series = {ICDAR '09},
 year = {2009},
 isbn = {978-0-7695-3725-2},
 pages = {1236--1240},
 numpages = {5},
 publisher = {IEEE Computer Society},
 address = {Washington, DC, USA},
}

@InProceedings{Saito,
 author = {Uchiyama, H and Saito, H},
 title = {Random Dot Markers},
 booktitle = {Proceedings of the 2011 IEEE Virtual Reality Conference},
 series = {VR '11},
 year = {2011},
 isbn = {978-1-4577-0039-2},
 pages = {35--38},
 numpages = {4},
 publisher = {IEEE Computer Society},
 address = {Washington, DC, USA},
}

@InProceedings{Nakai0,
 author = {Nakai, Tomohiro and Kise, Koichi and Iwamura, Masakazu},
 title = {Use of Affine Invariants in Locally Likely Arrangement Hashing for Camera-based Document Image Retrieval},
 booktitle = {Proceedings of the 7th International Conference on Document Analysis Systems},
 series = {DAS'06},
 year = {2006},
 isbn = {3-540-32140-3, 978-3-540-32140-8},
 location = {Nelson, New Zealand},
 pages = {541--552},
 numpages = {12},
 publisher = {Springer-Verlag},
 address = {Berlin, Heidelberg},
}

@InProceedings{Ortiz,
 author = {Ortiz, Raphael},
 title = {FREAK: Fast Retina Keypoint},
 booktitle = {Proceedings of the 2012 IEEE Conference on Computer Vision and Pattern Recognition (CVPR)},
 series = {CVPR '12},
 year = {2012},
 isbn = {978-1-4673-1226-4},
 pages = {510--517},
 numpages = {8},
 publisher = {IEEE Computer Society},
 address = {Washington, DC, USA},
}

@Book{roberge,
  author = 	   {Roberge, M.},
  title = 	   {Le schéma de classification hiérarchique des documents administratifs : conception, développement, déploiement et maintenance},
  publisher =  {Éditions Michel Roberge},
  year = 	   {2011},
  isbn      =  {978-2-9811275-1-8-95},
}

@Article{zapata,
  author = 	 {Zapata-Cardenas, C. A.},
  title = 	 {Directrices para estructurar un programa de gestión de documentos en las organizaciones},
  journal =  {Revista CODICE},
  year = 	 {2005},
  volume = 	 {1},
  number = 	 {2},
  pages = 	 {97-11},
}

@Book{bradski,
 author = {Bradski, G. and Kaehler, A.},
 title = {Learning OpenCV: Computer Vision in C++ with the OpenCV Library},
 year = {2013},
 isbn = {1449314651, 9781449314651},
 edition = {2nd},
 publisher = {O'Reilly Media, Inc.},
}

@Article{munoz,
 author = {Garrido, G. and Muñoz, R.},
 title = {Automatic generation and detection of highly reliable fiducial markers under occlusion},
 journal = {Pattern Recognition},
 volume = {47},
 number = {6},
 pages = {2280 - 2292},
 year = {2014},
}

@Book{Stroustrup00,
  author = {Stroustrup, B.},
  title = {The C++ Programming Language},
  year = {2013},
  isbn = {978-0-321-56384-2},
  edition = {4rd},
  publisher = {Addison-Wesley Longman Publishing Co., Inc.},
  address = {Boston, MA, USA},
}

@InProceedings{Moreno,
 author = {Moreno, Daniel and Taubin, Gabriel},
 title = {Simple, Accurate, and Robust Projector-Camera Calibration},
 booktitle = {Proceedings of the 2012 Second International Conference on 3D Imaging, Modeling, Processing, Visualization \& Transmission},
 series = {3DIMPVT '12},
 year = {2012},
 isbn = {978-0-7695-4873-9},
 pages = {464--471},
 numpages = {8},
 publisher = {IEEE Computer Society},
 address = {Washington, DC, USA},
} 


@PhdThesis{Marimon,
  author = 	 {David Marimón Sanjuan},
  title = 	 {Advances in Top-Down and Bottom-Up Approaches to Video-Based Camera Tracking},
  school = 	 {École Polytechnique Fédérale de Lausanne},
  year = 	 {2007},
}

